%% This BibTeX bibliography file was created using BibDesk.
%% http://bibdesk.sourceforge.net/


%% Created for Stefan Waidele at 2015-05-11 11:31:07 +0200 


%% Saved with string encoding Unicode (UTF-8) 



@misc{akad:campus,
	Author = {{AKAD University (Hrsg.)}},
	Date-Added = {2015-05-11 09:21:05 +0000},
	Date-Modified = {2015-05-11 09:22:25 +0000},
	Howpublished = {\url{https://youtu.be/RL4ZRDjwr6w}, abgerufen am 11. Mai 2015},
	Keywords = {OCP},
	Month = {Februar},
	Read = {1},
	Title = {Guided Tour durch den AKAD Campus},
	Year = {2013}}

@book{csclcomp,
	Address = {M{\"u}nchen},
	Author = {J{\"o}rg Haake AND Gerhard Schwabe AND Martin (Hrsg.) Wessner},
	Date-Added = {2015-05-11 07:59:06 +0000},
	Date-Modified = {2015-05-11 08:01:04 +0000},
	Edition = {2.},
	Publisher = {Oldenbourg Verlag},
	Title = {CSCL--Kompendium 2.0: Lehr-- und Handbuch zum computergest{\"u}tzen, kooperativen Lernen},
	Year = {2012}}

@incollection{euler:boos,
	Address = {M{\"u}nchen},
	Author = {Margarete Boos AND Oliver Rack},
	Booktitle = {E--Learning in Hochschulen und Bildungszentren},
	Date-Added = {2015-05-11 07:39:46 +0000},
	Date-Modified = {2015-05-11 07:53:02 +0000},
	Publisher = {Oldenbourg Verlag},
	Title = {Gestaltung netzbasierter Kollaboration: Arbeiten und Lernen in Gruppen},
	Year = {2005}}

@misc{gabler:elearning,
	Author = {{Springer Gabler Verlag (Hrsg.)}},
	Date-Added = {2015-05-11 07:04:49 +0000},
	Date-Modified = {2015-05-11 07:47:26 +0000},
	Howpublished = {\url{http://wirtschaftslexikon.gabler.de/Archiv/82225/e-learning-v7.html}, abgerufen am 11. Mai 2015},
	Keywords = {E-Learning, Definition},
	Title = {Gabler Wirtschaftslexikon, Stichwort: E-Learning},
	Year = {2015}}

@book{euler,
	Address = {M{\"u}nchen},
	Author = {Dieter Euler AND Sabine (Hrsg.) Seufert},
	Date-Added = {2015-05-08 16:38:43 +0000},
	Date-Modified = {2015-05-11 07:51:33 +0000},
	Publisher = {Oldenbourg Verlag},
	Title = {E--Learning in Hochschulen und Bildungszentren},
	Year = {2005}}

@book{schulmeister,
	Address = {M{\"u}nchen},
	Author = {Rolf Schulmeister},
	Date-Added = {2015-05-08 16:34:21 +0000},
	Date-Modified = {2015-05-08 16:37:33 +0000},
	Edition = {2.},
	Publisher = {Oldenbourg Verlag},
	Title = {Grundlagen hypermedialer Lernsysteme},
	Year = {1997}}

@book{ojstersek,
	Address = {M{\"u}nster},
	Author = {Nadine Ojstersek},
	Date-Added = {2015-05-08 16:30:30 +0000},
	Date-Modified = {2015-05-08 16:33:29 +0000},
	Edition = {2.},
	Publisher = {Waxman Verlag},
	Title = {Betreuungskonzepte beim Blended Learning},
	Year = {2009}}

@misc{roegner:trends,
	Author = {Andrea B{\"o}gner},
	Date-Added = {2015-05-08 16:22:14 +0000},
	Date-Modified = {2015-05-08 17:30:40 +0000},
	Howpublished = {\url{https://youtu.be/Qe_MnzHAFJQ?t=2m23s}. abgerufen am 08.05.2015},
	Keywords = {Neue Bildungsformen},
	Month = {M{\"a}rz},
	Title = {Das sind die Trends in der Hochschulwelt},
	Year = {2015}}

@book{rothe,
	Author = {Rothe, Friederike},
	Date-Added = {2015-04-06 23:14:11 +0000},
	Date-Modified = {2015-04-06 23:15:20 +0000},
	Month = {Dezember},
	Publisher = {Springer Fachmedien},
	Title = {Zwischenmenschliche Kommunikation},
	Year = {2007}}

@book{meggle,
	Author = {Georg Meggle},
	Date-Added = {2015-04-06 22:58:51 +0000},
	Date-Modified = {2015-04-06 23:01:24 +0000},
	Edition = {2},
	Month = {Januar},
	Publisher = {De Gruyter},
	Series = {Grundlagen der Kommunikation und Kognition / Foundations of Communication and Cognition},
	Title = {Grundbegriffe der Kommunikation},
	Year = {1996}}

@book{shannonweaver,
	Address = {Urbana, USA},
	Author = {Claude E. Shannon AND Warren Weaver},
	Date-Added = {2015-04-06 22:09:05 +0000},
	Date-Modified = {2015-04-06 22:10:57 +0000},
	Edition = {10},
	Publisher = {The University of Illinois Press},
	Title = {The Matematical Theory of Communication},
	Year = {1964}}
